@inproceedings{Goldin2015,
  author={Goldin, Ilya and Galyardt, April},
  booktitle={The 8th International Conference on Educational Data Mining EDM 2015},
  title={{Convergent Validity of a Student Model: Recent-Performance Factors Analysis}},
  url={http://www.educationaldatamining.org/EDM2015/proceedings/short548-551.pdf},
  year={2015}
}
@inproceedings{Gong2011,
  author={Gong, Yue and Beck, Joseph E. and Heffernan, Neil T.},
  booktitle={International Journal of Artificial Intelligence in Education},
  keywords={Student modeling,data aging,expectation maximization,knowledge tracing,machine learning,model fitting approaches,performance factors analysis},
  number={1-2},
  pages={27--46},
  title={{How to construct more accurate student models: Comparing and optimizing knowledge tracing and performance factor analysis}},
  volume={21},
  year={2011}
}
@phdthesis{Jarusek2013,
  author={Jaru\v{s}ek, Petr},
  school={Masaryk University, Faculty of Informatics},
  title={{Modeling Problem Solving Times in Tutoring Systems}},
  type={Dissertation thesis},
  url={http://is.muni.cz/th/98652/fi\_d/},
  year={2013}
}
@mastersthesis{Klusasek2014,
  author={Klus\'{a}\v{s}ek, Mat\v{e}j},
  title={{Modeling Learning in Problem Solving}},
  type={Diploma thesis},
  url={http://is.muni.cz/th/324101/fi\_m/},
  year={2014}
}
@techreport{Lewis,
  author={Lewis, Andrew Smith and Schaack, Andy Van and Schweighofer, Nicolas},
  title={{A New Method to Maximize the Effectiveness and Efficiency of Learning,
  Memory, and Performance.}},
  url={https://cerego.com/pdf/Cerego\_Whitepaper.pdf}
}
@book{MichaelW.Eysenck2008,
  author={{Michael W. Eysenck}},
  edition={5},
  note={{ISBN:} 9788020015594},
  pages={748},
  publisher={Academia},
  title={{Kognitivn\'{\i} psychologie}},
  year={2008}
}
@article{Papousek2014,
  author={Papou\v{s}ek, Jan and Pel\'{a}nek, Radek and Stanislav, V\'{\i}t},
  title={{Adaptive Practice of Facts in Domains with Varied Prior Knowledge}},
  url={http://www.fi.muni.cz/~xpelanek/publications/EDM14-adaptive-facts.pdf},
  year={2014}
}
@article{Pavlik2005,
  author={Pavlik, Philip I and Anderson, John R},
  institution={Psychology Department, Carnegie Mellon University.},
  journal={Cognitive science},
  number={4},
  pages={559--586},
  title={{Practice and forgetting effects on vocabulary memory: an activation-based model of the spacing effect.}},
  volume={29},
  year={2005}
}
@article{Pavlik2009,
  author={Pavlik, PI and Cen, Hao and Koedinger, Kenneth},
  journal={Proceedings of the 2009 conference on Artificial Intelligence in Education},
  keywords={adaptive modeling,educational data mining,knowledge tracing},
  pages={531--538},
  title={{Performance Factors Analysis--A New Alternative to Knowledge Tracing}},
  url={http://dl.acm.org/citation.cfm?id=1659529},
  year={2009}
}
@article{Pelanek2015,
  author={Pelánek, Radek},
  title={{Modeling Students' Memory for Application in Adaptive Educational Systems}},
  url={http://www.fi.muni.cz/~xpelanek/publications/memory-geography.pdf},
  year={2015}
}
@article{Pelanek2015a,
  author={Pel\'{a}nek, Radek},
  title={{Metrics for Evaluation of Student Models}},
  url={http://www.fi.muni.cz/~xpelanek/publications/metrics.pdf},
  year={2015}
}
@book{RichardE.Mayer2010,
  author={{Richard E. Mayer}},
  note={{ISBN:} 9780136117575},
  pages={134},
  publisher={Pearson Education},
  title={{Applying The Science of Learning}},
  year={2010}
}
@inproceedings{Streeter2015,
  author={Streeter, Matthew},
  booktitle={The 8th International Conference on Educational Data Mining EDM 2015he 8th International Conference on Educational Data Mining EDM 2015},
  title={{Mixture Modeling of Individual Learning Curves}},
  url={http://www.educationaldatamining.org/EDM2015/uploads/papers/paper\_133.pdf},
  year={2015}
}
@mastersthesis{Vanek2014,
  author={Van\v{e}k, Libor},
  school={Masaryk University, Fakulty of Informatics},
  title={{Elo syst\'{e}m a modelov\'{a}n\'{\i} \v{c}asu ře\v{s}en\'{\i}}},
  type={Diploma thesis},
  url={http://is.muni.cz/th/255944/fi\_m/},
  year={2014}
}
@inproceedings{Yudelson2013,
  author={Yudelson, Michael V. and Koedinger, Kenneth R. and Gordon, Geoffrey J.},
  booktitle={Lecture Notes in Computer Science (including subseries Lecture Notes in Artificial Intelligence and Lecture Notes in Bioinformatics)},
  keywords={Bayesian knowledge tracing,Model fitting,Model selection,Student-specific model parameters},
  pages={171--180},
  title={{Individualized bayesian knowledge tracing models}},
  volume={7926 LNAI},
  year={2013}
}
@article{Beck1998,
  author={Beck, J and Woolf, B},
  journal={Intelligent Tutoring Systems},
  pages={6--15},
  title={{Using a learning agent with a student model}},
  url={http://www.springerlink.com/index/0WNT9BA2KYRTYA8V.pdf},
  year={1998}
}
@article{Rubin,
  author={Rubin, David C. and Hinton, Sean and Wenzel, Amy},
  title={{The precise time course of retention.}}
}
@article{Sison1998,
  author={Sison, Raymund and Shimura, Masamichi},
  journal={International Journal of Artificial Intelligence in Education},
  pages={128--158},
  title={{Student Modeling and Machine Learning}},
  url={http://telearn.archives-ouvertes.fr/hal-00257111/},
  volume={9},
  year={1998}
}
@article{White2001,
  author={White, K. Geoffrey},
  doi={10.3758/BF03192887},
  issn={0090-4996},
  journal={Animal Learning \& Behavior},
  month=aug,
  number={3},
  pages={193--207},
  title={{Forgetting functions}},
  url={http://www.springerlink.com/index/10.3758/BF03192887},
  volume={29},
  year={2001}
}
@article{Pavlik2003,
  author={Pavlik, P and Anderson, J},
  journal={Proceedings of the Fifth International Conference of Cognitive Modeling},
  pages={177--182},
  publisher={Citeseer},
  title={{An ACT-R model of the spacing effect}},
  url={papers://3a07567f-5013-4eec-86cd-a5ef539fd065/Paper/p4224},
  year={2003}
}
@article{Papousek2015,
  author={Papou\v{s}ek, Jan and Pel\'{a}nek, Radek and Stanislav, V\'{\i}t},
  journal={Journal of Learning Analytics},
  title={{Adaptive Geography Practice Data Set}},
  url={http://www.fi.muni.cz/~xpelanek/publications/dataset\_slepemapy.pdf},
  year={2015}
}
@mastersthesis{Stanislav2015thesis,
  author={Stanislav, Vít},
  title={{Adaptive Learning System for Factual Knowledge of Geography}},
  year={2015},
  type={Master's thesis},
  school={Masaryk University, Faculty of Informatics, Brno},
  supervisor={Radek Pelánek},
  url={http://is.muni.cz/th/373843/fi_m/},
}
@article{Niznan2015,
  title={{Student Models for Prior Knowledge Estimation}},
  author={Ni{\v{z}}nan, Juraj and Pel{\'a}nek, Radek},
  year={2015},
  url={http://www.fi.muni.cz/~xpelanek/publications/prior-knowledge.pdf},
}
@book{Russell2009,
  author={{Stuart Russell and Peter Norvig}},
  edition={3},
  note={{ISBN:} 9780136042594},
  pages={1152},
  publisher={Prentice Hall},
  title={{Artificial Intelligence A Modern Approach}},
  year={2009}
}
@article{mcclelland1995there,
  title={{Why There Are Complementary Learning Systems in the Hippocampus and Neocortex: Insights from the Successes and Failures of Connectionist Models of Learning and Memory.}},
  author={McClelland, James L and McNaughton, Bruce L and O'Reilly, Randall C},
  journal={Psychological review},
  volume={102},
  number={3},
  pages={419},
  year={1995},
  publisher={American Psychological Association}
}
@article{pavlik2008using,
  title={{Using a Model to Compute the Optimal Schedule of Practice.}},
  author={Pavlik, Philip I and Anderson, John R},
  journal={Journal of Experimental Psychology: Applied},
  volume={14},
  number={2},
  pages={101},
  year={2008},
  publisher={American Psychological Association}
}
@article{kornell2008learning,
  title={{Learning Concepts and Categories: Is Spacing the `Enemy of Induction'?}},
  author={Kornell, Nate and Bjork, Robert A},
  journal={Psychological science},
  volume={19},
  number={6},
  pages={585--592},
  year={2008},
  publisher={SAGE Publications}
}
@inproceedings{pavlik2007optimizing,
  title={{Optimizing Knowledge Component Learning Using a Dynamic Structural Model of Practice}},
  author={Pavlik Jr, Philip I and Presson, Nora and Koedinger, KR},
  booktitle={proceedings of the 8th International Conference on Cognitive Modeling},
  year={2007}
}
@article{kornell2007promise,
  title={{The Promise and Perils of Self-Regulated Study}},
  author={Kornell, Nate and Bjork, Robert A},
  journal={Psychonomic Bulletin \& Review},
  volume={14},
  number={2},
  pages={219--224},
  year={2007},
  publisher={Springer}
}
@article{brown20104,
  title={{4 Forgetting in Memory Models}},
  author={Brown, Gordon DA and Lewandowsky, Stephan},
  journal={Current Issues in Memory},
  pages={49--70},
  year={2010}
}
@book{baddeley1997human,
  title={{Human Memory: Theory and Practice}},
  author={Baddeley, Alan D},
  year={1997},
  note={{ISBN:} 9780863774317},
  publisher={Psychology Press}
}
@book{o1978hippocampus,
  title={{The Hippocampus As a Cognitive Map}},
  author={O'keefe, John and Nadel, Lynn},
  volume={3},
  year={1978},
  publisher={Clarendon Press Oxford}
}
@article{cohen1980preserved,
  title={{Preserved Learning and Retention of Pattern-analyzing Skill in Amnesia: Dissociation of Knowing How and Knowing That}},
  author={Cohen, Neal J and Squire, Larry R},
  journal={Science},
  volume={210},
  number={4466},
  pages={207--210},
  year={1980},
  publisher={American Association for the Advancement of Science}
}
@online{semanticnetworkpict,
  author={{Wikimedia Commons}},
  title={{Example of a Semantic Network}},
  year={2007},
  urldate={19-12-15},
  url={https://commons.wikimedia.org/wiki/File:Semantic_Net.svg},
  note={File: Semantic\_Net.svg},
}
